<?xml version="1.0" encoding="UTF-8"?><collection xmlns="http://www.loc.gov/MARC21/slim"><record><leader>00563nam--2200181-i-4500</leader><controlfield tag="001">000012168</controlfield><controlfield tag="002">20161230</controlfield><controlfield tag="005">20161230201029</controlfield><controlfield tag="008">060222s1000------------r-----000-0-eng-d</controlfield><datafield ind1=" " ind2=" " tag="040"><subfield code="a">IFIN-HH</subfield></datafield><datafield ind1=" " ind2=" " tag="080"><subfield code="a">539.172.5:593.1.073.3</subfield></datafield><datafield ind1="1" ind2=" " tag="100"><subfield code="a">Baltay, C</subfield></datafield><datafield ind1="1" ind2="0" tag="245"><subfield code="a">Meson resonance production in +p interactions at 15 gev/c</subfield><subfield code="c">C. baltay, c.v. cautis, d. cohen, s. csorna, m. kalelkar, d. pisello, w.d. smith, n. yeh</subfield></datafield><datafield ind1=" " ind2=" " tag="260"><subfield code="a">New York</subfield><subfield code="b">University</subfield><subfield code="c">/F.An</subfield></datafield><datafield ind1=" " ind2=" " tag="300"><subfield code="a">47P.+37FIG</subfield></datafield><datafield ind1="1" ind2=" " tag="700"><subfield code="a">Yeh, N</subfield></datafield><datafield ind1=" " ind2=" " tag="852"><subfield code="a">44770</subfield><subfield code="c">539.17</subfield></datafield><datafield ind1=" " ind2=" " tag="CAT"><subfield code="a">Sys</subfield><subfield code="c">20120618</subfield><subfield code="h">120818</subfield></datafield></record></collection>